@article{abdelkader2006transmission,
  title={Transmission loss allocation in a deregulated electrical energy market},
  author={Abdelkader, Sobhy},
  journal={Electric Power Systems Research},
  volume={76},
  number={11},
  pages={962--967},
  year={2006},
  publisher={Elsevier}
}
@article{fadel2017placement,
  title={Placement of Dg, Cb, and Tcsc in radial distribution system for power loss minimization using back-tracking search algorithm},
  author={Fadel, Waleed and Kilic, Ulas and Taskin, Sezai},
  journal={Electrical Engineering},
  volume={99},
  number={3},
  pages={791--802},
  year={2017},
  publisher={Springer}
}
